@Misc{freund,
  author = 	 {Robert M. Freund},
  title = 	 {Introduction to Semidefinite Programming (SDP)},
  howpublished = {\url{http://ocw.mit.edu/courses/electrical-engineering-and-computer-science/6-251j-introduction-to-mathematical-programming-fall-2009/readings/MIT6_251JF09_SDP.pdf}}}

@article{goemans,
  title={Improved approximation algorithms for maximum cut and satisfiability problems using semidefinite programming},
  author={Goemans, Michel X and Williamson, David P},
  journal={Journal of the ACM (JACM)},
  volume={42},
  number={6},
  pages={1115--1145},
  year={1995},
  publisher={ACM}
}

@inproceedings{3sat,
  title={A 7/8-approximation algorithm for MAX 3SAT?},
  author={Karloff, Howard and Zwick, Uri},
  booktitle={Foundations of Computer Science, 1997. Proceedings., 38th Annual Symposium on},
  pages={406--415},
  year={1997},
  organization={IEEE}
}

@Misc{rothvoss,
  author = 	 {Thomas Rothvoss},
  title = 	 {The {L}aserre hierarch in Approximation algorithms},
  howpublished = {\url{https://www.math.washington.edu/~rothvoss/lecturenotes/lasserresurvey.pdf}},
  year = 	 2013}

@article{krivelevich,
  title={Approximating coloring and maximum independent sets in 3-uniform hypergraphs},
  author={Krivelevich, Michael and Nathaniel, Ram and Sudakov, Benny},
  journal={Journal of Algorithms},
  volume={41},
  number={1},
  pages={99--113},
  year={2001},
  publisher={Elsevier}
}

@inproceedings{chlamtac,
  title={Approximation algorithms using hierarchies of semidefinite programming relaxations},
  author={Chlamtac, Eden},
  booktitle={Foundations of Computer Science, 2007. FOCS'07. 48th Annual IEEE Symposium on},
  pages={691--701},
  year={2007},
  organization={IEEE}
}

@misc{wiki,
  howpublished = {\url{https://en.wikipedia.org/wiki/Multiclass_classification}}
}

@misc{download-link,
  howpublished = {\url{https://www.kaggle.com/c/whats-cooking/data}}
}

@misc{kaggle-link,
  howpublished = {\url{https://www.kaggle.com/c/whats-cooking}}
}
@misc{emulab-wiki,
	howpublished = {\url{https://wiki.emulab.net/wiki/d820}}
}
@misc{repo,
	howpublished = {\url{https://github.com/MontyCarter/CuisineClassifier}}
}
@misc{scikit,
	howpublished = {\url{http://scikit-learn.org/stable/}}
}